<record><leader>00000cas a22000007a 4500</leader><controlfield tag="001">31496506</controlfield><controlfield tag="008">941121c19uu9999caudn n       0   a0eng c</controlfield><datafield ind1=" " ind2=" " tag="010"><subfield code="a">sn 94001541 </subfield></datafield><datafield ind1=" " ind2=" " tag="040"><subfield code="a">NSD</subfield><subfield code="b">eng</subfield><subfield code="c">NSD</subfield><subfield code="d">OCLCQ</subfield><subfield code="d">CUS</subfield><subfield code="d">OCLCQ</subfield><subfield code="d">OCLCF</subfield></datafield><datafield ind1=" " ind2=" " tag="012"><subfield code="m">0</subfield></datafield><datafield ind1="0" ind2=" " tag="022"><subfield code="a">1079-7394</subfield><subfield code="l">1079-7394</subfield><subfield code="2">1</subfield></datafield><datafield ind1="1" ind2=" " tag="029"><subfield code="a">NZ1</subfield><subfield code="b">9723708</subfield></datafield><datafield ind1="1" ind2=" " tag="029"><subfield code="a">AU@</subfield><subfield code="b">000025853223</subfield></datafield><datafield ind1="1" ind2=" " tag="029"><subfield code="a">NZ1</subfield><subfield code="b">11697725</subfield></datafield><datafield ind1=" " ind2=" " tag="037"><subfield code="b">Business Journal, P.O. Box 126, Fresno, CA 0126</subfield></datafield><datafield ind1=" " ind2=" " tag="042"><subfield code="a">nsdp</subfield><subfield code="a">pcc</subfield></datafield><datafield ind1=" " ind2=" " tag="043"><subfield code="a">n-us-ca</subfield></datafield><datafield ind1="1" ind2="4" tag="050"><subfield code="a">HC108.F72</subfield></datafield><datafield ind1="1" ind2="0" tag="082"><subfield code="a">338</subfield><subfield code="2">12</subfield></datafield><datafield ind1="0" ind2=" " tag="130"><subfield code="a">Business journal (Fresno, Calif.)</subfield></datafield><datafield ind1="0" ind2=" " tag="210"><subfield code="a">Bus. j.</subfield><subfield code="b">(Fresno Calif.)</subfield></datafield><datafield ind1=" " ind2="4" tag="222"><subfield code="a">The Business journal</subfield><subfield code="b">(Fresno, Calif.)</subfield></datafield><datafield ind1="1" ind2="4" tag="245"><subfield code="a">The Business journal.</subfield></datafield><datafield ind1=" " ind2=" " tag="260"><subfield code="a">Fresno, CA :</subfield><subfield code="b">Business Journal</subfield></datafield><datafield ind1=" " ind2=" " tag="300"><subfield code="a">v. :</subfield><subfield code="b">ill. ;</subfield><subfield code="c">39 cm.</subfield></datafield><datafield ind1=" " ind2=" " tag="310"><subfield code="a">Daily (except Sat. &amp; Sun.)</subfield></datafield><datafield ind1=" " ind2=" " tag="500"><subfield code="a">"Serving Fresno and the Central San Joaquin Valley."</subfield></datafield><datafield ind1=" " ind2=" " tag="500"><subfield code="a">Includes Public notices.</subfield></datafield><datafield ind1=" " ind2=" " tag="588"><subfield code="a">Description based on: No. 321749 (Mon., Oct. 21, 1994); title from caption.</subfield></datafield><datafield ind1=" " ind2="0" tag="651"><subfield code="a">Fresno (Calif.)</subfield><subfield code="x">Economic conditions</subfield><subfield code="v">Periodicals.</subfield></datafield><datafield ind1=" " ind2="0" tag="651"><subfield code="a">Fresno (Calif.)</subfield><subfield code="v">Periodicals.</subfield></datafield><datafield ind1=" " ind2="7" tag="655"><subfield code="a">Periodicals.</subfield><subfield code="2">fast</subfield><subfield code="0">(OCoLC)fst01411641</subfield></datafield><datafield ind1=" " ind2="7" tag="650"><subfield code="a">Economic history.</subfield><subfield code="2">fast</subfield><subfield code="0">(OCoLC)fst00901974</subfield></datafield><datafield ind1=" " ind2="7" tag="651"><subfield code="a">California</subfield><subfield code="z">Fresno.</subfield><subfield code="2">fast</subfield><subfield code="0">(OCoLC)fst01207374</subfield></datafield><datafield ind1="0" ind2="8" tag="776"><subfield code="i">Online version:</subfield><subfield code="t">Business journal (Fresno, Calif. : Online)</subfield><subfield code="w">(DLC)sn 94001541</subfield><subfield code="w">(OCoLC)61312932</subfield></datafield><datafield ind1="0" ind2="0" tag="780"><subfield code="t">Fresno business journal</subfield><subfield code="w">(OCoLC)29690328</subfield></datafield></record>